@misc{AP:PoSW05,
title =			{{Ustawa z dnia 27 lipca 2005 r. -- Prawo o szkolnictwie wyższym}},
note =			{{Dz. U. Nr 164, poz. 1365, z późn. zm., Art. 13a.}},
year =			{{2005}}
}

@misc{AP:SPP11,
title =			{{Statut Politechniki Poznańskiej}},
note =			{{Uchwała Nr 154, \textsection{83}, ust. 5}},
year =			{{2011}}
}

@unpublished{Redmine:ProjDocs,
author = {M. Domański, B. Matuszyk},
title = {Dokumentacja systemu iQuest},
note = {Materiały zamieszczone w ramach platformy Redmine w domenie \url{http://conaiten.put.poznan.pl}},
year = {2012-2013}
}

%@mastersthesis{BIS:BIS10,
%  author =      {{P. Skrzypek, D. Lubański, R. Miłecki, T. Paszek}},
%  title = 		{{BIS-1: Pilotażowa wersja systemu informacji bibliometrycznych}},
%  school =		{{Politechnika Poznańska, Wydział Informatyki i Zarządzania, Instytut Informatyki}},
%  year = 		{{2010}},
%}

%@article{Lindsey:LIN88,
%  author =       {{D. Lindsey}},
%  title =        {{Using citation counts as a measure of quality in science measuring what's measurable rather than what's valid}},
%  journal =    {{Scientometrics}},
%  year =         {{1988}},
%  volume =         {{15}},
%  number =         {{3-4}},
%  pages =        {{189-203}},
%}

%@article{Hirsch:HIR05,
%  author =       {{J. E. Hirsch}},
%  title =        {{An index to quantify an individual's scientific research output}},
%  journal =    {{Proceedings of the National Academy of Sciences}},
%  year =         {{2005}},
%  volume =         {{102}},
%  number =         {{46}},
%  pages =        {{16569-16572}},
%}

%@article{Jaro:JAR89,
%  author =       {{M. A. Jaro}},
%  title =        {{Advances in Record-Linkage Methodology as Applied to Matching the 1985 Census of Tampa, Florida}},
%  journal =    {{Journal of the American Statistical Association}},
%  year =         {{1989}},
%  volume =         {{89}},
%  pages =        {{414-420}},
%}

%@article{Blei:BLE03,
% author = {{D. M. Blei, A. Y. Ng, M. I. Jordan}},
% title = {{Latent dirichlet allocation}},
% journal = {{Journal of Machine Learning Research}},
% volume = {{3}},
% year = {{2003}},
% pages = {{993-1022}},
%} 

%@article{Casella:CAS92,
% author = {{G. Casella, E. I. George}},
% title = {{Explaining the Gibbs sampler}},
% journal = {{The American Statistician}},
% volume = {{46}},
% number = {{3}}
% year = {{1992}},
% pages = {{167–174}},
%} 

%@inproceedings{Chierichetti:CHI10,
% author = {{F. Chierichetti, R. Kumar, S. Pandey, S. Vassilvitskii}},
% title = {{Finding the Jaccard median}},
% booktitle = {{Proceedings of the Twenty-First Annual ACM-SIAM Symposium on Discrete Algorithms}},
% series = {{SODA '10}},
% year = {{2010}},
% location = {{Austin, Texas}},
% pages = {{293-311}},
%}

%@techreport{Winkler:WIN06,
%  author =       {{W. Winkler}},
%  title =        {{Overview of record linkage and current research directions}},
%  institution =  {{Statistical Research Division, U.S. Bureau of the Census, Washington, DC}},
%  year = {{2006}},
%}

%@techreport{Levenshtein:LEN66,
%    author = {{V. I. Levenshtein}},
%    journal = {{Soviet Physics Doklady}},
%    number = {{8}},
%    pages = {{707-710}},
%    title = {{Binary codes capable of correcting deletions, insertions, and reversals}},
%    volume = {{10}},
%    year = {{1966}},
%}

%@misc{LingPipe:LIN00,
%    author = {{LingPipe API Documentation}},
%    title = {{Class JaroWinklerDistance}},
%	howpublished = "[on-line] \url{http://alias-%i.com/lingpipe/docs/api/com/aliasi/spell/JaroWinklerDistance.html}",
%}

%@misc{LingPipe:LIN01,
%    author = {{LingPipe API Documentation}},
%    title = {{Class LatentDirichletAllocation}},
%	howpublished = "[on-line] \url{http://alias-%i.com/lingpipe/docs/api/com/aliasi/cluster/LatentDirichletAllocation.html}",
%}

%@misc{LingPipe:LIN02,
%    author = {{LingPipe Tutorials}},
%    title = {{Clustering Tutorial}},
%	howpublished = "[on-line] \url{http://alias-i.com/lingpipe/demos/tutorial/cluster/read-me.html}",
%}

%@misc{Porter:POR00,
%    author = {{M. Porter}},
%    title = {{The Porter Stemming Algorithm}},
%	howpublished = "[on-line] \url{http://tartarus.org/~martin/PorterStemmer/}",
%}

%@misc{Phan:PHA00,
%    author = {{Xuan-Hieu Phan, Cam-Tu Nguyen}},
%    title = {{JGibbLDA, A Java Implementation of Latent Dirichlet Allocation (LDA) using Gibbs Sampling for Parameter Estimation and Inference}},
%	howpublished = "[on-line] \url{http://jgibblda.sourceforge.net/}",
%}

%@misc{W3C:SOAP07,
%	author = {{World Wide Web Consortium (W3C)}},
%	title = {{SOAP Version 1.2 Part 1: Messaging Framework (Second Edition)}},
%	howpublished = "[on-line] \url{http://www.w3.org/TR/soap12-part1/}",
%}

%@misc{Interface:PureMVC,
%    author = {{Futurescale}},
%    title = {{Dokumentacja PureMVC}},
%	howpublished = "[on-line] \url{http://puremvc.org/content/view/98/189/}",
%}

%@misc{Interface:SWFAddress,
%    author = {{Asual}},
%    title = {{Dokumentacja SWFAddress}},
%	howpublished = "[on-line] \url{http://www.asual.com/swfaddress/docs/}",
%}

%@misc{Jericho:JER,
%title = {{Jericho HTML Parser API Documentation}},
%howpublished = "[on-line] \url{http://jericho.htmlparser.net/docs/javadoc/index.html}"
%}

%@misc{QtSDK:QT,
%title = {{Qt API Reference}},
%howpublished = "[on-line] \url{http://developer.qt.nokia.com/doc/qt-4.8}"
%}
